@article{Grieco:2004:PEC:997150.997155,
 author = {Grieco, Luigi A. and Mascolo, Saverio},
 title = {Performance Evaluation and Comparison of Westwood+, New Reno, and Vegas TCP Congestion Control},
 journal = {SIGCOMM Comput. Commun. Rev.},
 issue_date = {April 2004},
 volume = {34},
 number = {2},
 month = apr,
 year = {2004},
 issn = {0146-4833},
 pages = {25--38},
 numpages = {14},
 url = {http://doi.acm.org/10.1145/997150.997155},
 doi = {10.1145/997150.997155},
 acmid = {997155},
 publisher = {ACM},
 address = {New York, NY, USA},
}