@article{article1,
 author = {Grieco, Luigi A. and Mascolo, Saverio},
 title = {Performance Evaluation and Comparison of Westwood+, New Reno, and Vegas TCP Congestion Control},
 journal = {SIGCOMM Comput. Commun. Rev.},
 issue_date = {April 2004},
 volume = {34},
 number = {2},
 month = apr,
 year = {2004},
 issn = {0146-4833},
 pages = {25--38},
 numpages = {14},
 url = {http://doi.acm.org/10.1145/997150.997155},
 doi = {10.1145/997150.997155},
 acmid = {997155},
 publisher = {ACM},
 address = {New York, NY, USA},
}

@article{article2,
 author = {Brakmo, Lawrence S. and O'Malley, Sean W. and Peterson, Larry L.},
 title = {TCP Vegas: New Techniques for Congestion Detection and Avoidance},
 journal = {SIGCOMM Comput. Commun. Rev.},
 issue_date = {Oct. 1994},
 volume = {24},
 number = {4},
 month = oct,
 year = {1994},
 issn = {0146-4833},
 pages = {24--35},
 numpages = {12},
 url = {http://doi.acm.org/10.1145/190809.190317},
 doi = {10.1145/190809.190317},
 acmid = {190317},
 publisher = {ACM},
 address = {New York, NY, USA},
}
