@article{Article1,
 author = {Brakmo, Lawrence S. and O'Malley, Sean W. and Peterson, Larry L.},
 title = {TCP Vegas: New Techniques for Congestion Detection and Avoidance},
 journal = {SIGCOMM Comput. Commun. Rev.},
 issue_date = {Oct. 1994},
 volume = {24},
 number = {4},
 month = oct,
 year = {1994},
 issn = {0146-4833},
 pages = {24--35},
 numpages = {12},
 url = {http://doi.acm.org/10.1145/190809.190317},
 doi = {10.1145/190809.190317},
 acmid = {190317},
 publisher = {ACM},
 address = {New York, NY, USA},
}
